<?xml version="1.0" encoding="UTF-8"?><collection xmlns="http://www.loc.gov/MARC21/slim"><record><leader>00405nam--2200133-i-4500</leader><controlfield tag="001">000019318</controlfield><controlfield tag="002">20161230</controlfield><controlfield tag="005">20161230201033</controlfield><controlfield tag="008">060222s1000------------r-----000-0-eng-d</controlfield><datafield ind1=" " ind2=" " tag="080"><subfield code="a">621.039.51</subfield></datafield><datafield ind1=" " ind2=" " tag="100"><subfield code="a">Flanagan, George Fergus</subfield></datafield><datafield ind1=" " ind2=" " tag="245"><subfield code="a">Coupling effects in fast reactors using the monte carlo technique.thesis</subfield></datafield><datafield ind1=" " ind2=" " tag="260"><subfield code="a">Ann Arbor, Michigan, University Microfilms, 1969.   Ii + 73 P</subfield></datafield><datafield ind1=" " ind2=" " tag="852"><subfield code="a">36067</subfield></datafield></record></collection>